@article{Treiber2000,
archivePrefix = {arXiv},
arxivId = {cond-mat/0002177},
author = {Treiber, Martin and Hennecke, Ansgar and Helbing, Dirk},
journal = {Physical Review E - Statistical Physics, Plasmas, Fluids, and Related Interdisciplinary Topics},
number = {2},
pages = {1805--1824},
title = {{Congested traffic states in empirical observations and microscopic simulations}},
volume = {62},
year = {2000}
}

@article{Kesting2007,
author = {Kesting, Arne and Treiber, Martin and Helbing, Dirk},
journal = {Transportation Research Record: Journal of the Transportation Research Board},
pages = {86--94},
title = {{General Lane-Changing Model MOBIL for Car-Following Models}},
year = {2007}
}

@article{Kesting2008,
archivePrefix = {arXiv},
arxivId = {0805.0300},
author = {Kesting, Arne and Treiber, Martin and Helbing, Dirk},
title = {{Agents for Traffic Simulation}},
year = {2008}
}

@article{Lee2017,
author = {Lee, Sang-Hyun and Seo, Seung-Woo},
title = {{A Learning-Based Framework for Handling Dilemmas in Urban Automated Driving}},
year = {2017}
}

@article{Schneider1997,
author = {Schneider, JG},
journal = {Advances in neural information processing systems},
pages = {1047----1053},
title = {{Exploiting model uncertainty estimates for safe dynamic control learning}},
year = {1997}
}

@article{Deisenroth2011,
author = {Deisenroth, Marc P and Rasmussen, Carl E},
journal = {Proceedings of the International Conference on Machine Learning},
pages = {465--472},
title = {{PILCO: A Model-Based and Data-Efficient Approach to Policy Search}},
year = {2011}
}

@article{Jaksch2010,
author = {Jaksch, Thomas and Ortner, Ronald and Auer, Peter},
journal = {Journal of Machine Learning Research},
pages = {1563--1600},
title = {{Near-optimal Regret Bounds for Reinforcement Learning}},
volume = {11},
year = {2010}
}

@article{Undurti2010,
author = {Undurti, Aditya and How, Jonathan P.},
journal = {Icra},
pages = {3966--3973},
title = {{An Online Algorithm for Constrained POMDPs}},
year = {2010}
}

@article{Galceran2017,
author = {Galceran, Enric and Cunningham, Alexander G. and Eustice, Ryan M. and Olson, Edwin},
journal = {Autonomous Robots},
title = {{Multipolicy decision-making for autonomous driving via changepoint-based behavior prediction: Theory and experiment}},
year = {2017}
}

@article{Bandyopadhyay2013,
author = {Bandyopadhyay, Tirthankar and {Sung Won}, Kok and Frazzoli, Emilio and Hsu, David and {Sun Lee}, Wee and Rus, Daniela},
title = {{Intention-Aware Motion Planning}},
year = {2013}
}

@article{Sunberg2017,
archivePrefix = {arXiv},
arxivId = {1702.00858},
author = {Sunberg, Zachary N. and Ho, Christopher J. and Kochenderfer, Mykel J.},
journal = {Proceedings of the American Control Conference},
pages = {3004--3010},
title = {{The value of inferring the internal state of traffic participants for autonomous freeway driving}},
year = {2017}
}

@article{Bai2015,
author = {Bai, Haoyu and Cai, Shaojun and Ye, Nan and Hsu, David and Lee, Wee Sun},
title = {{Intention-Aware Online POMDP Planning for Autonomous Driving in a Crowd}},
year = {2015}
}

@article{Dinh2017,
author = {Dinh, Thach Ngoc and Ito, Hiroshi},
pages = {117--123},
title = {{Decentralization of Interval Observers for Robust Controlling and Monitoring a Class of Nonlinear Systems}},
volume = {10},
year = {2017}
}

@article{Stinga2012,
author = {Stinga, F. and Bunciu, E.},
journal = {System Theory, Control and Computing},
number = {1},
title = {{Robust interval observer and nonlinear predictive control of an active sludge process}},
year = {2012}
}

@article{Puig2005,
author = {Puig, Vicen{\c{c}} and Stancu, Alexandru and Quevedo, Joseba},
journal = {IFAC Proceedings Volumes},
pages = {1239--1250},
publisher = {IFAC},
title = {{Simulation of Uncertain Dynamic Systems Described By Interval Models: a Survey}},
volume = {38},
year = {2005}
}

@article{Efimov2016,
author = {Efimov, D. and Ra{\"{i}}ssi, T.},
journal = {Automation and Remote Control},
pages = {191--225},
title = {{Design of interval observers for uncertain dynamical systems}},
volume = {77},
year = {2016}
}

@article{Dean2017,
archivePrefix = {arXiv},
author = {Dean, Sarah and Mania, Horia and Matni, Nikolai and Recht, Benjamin and Tu, Stephen},
title = {{On the Sample Complexity of the Linear Quadratic Regulator}},
year = {2017}
}

@article{Maillard2017,
author = {Maillard, Odalric-Ambrym},
title = {{Self-normalization techniques for streaming confident regression}},
year = {2017}
}

@inproceedings{Brechtel2011,
author = {Brechtel, Sebastian and Gindele, Tobias and Dillmann, Rudiger},
booktitle = {IEEE Conference on Intelligent Transportation Systems, Proceedings, ITSC},
title = {{Probabilistic MDP-behavior planning for cars}},
year = {2011}
}

@article{Smith2006,
author = {Smith, James E. and Winkler, Robert L.},
journal = {Management Science},
number = {3},
pages = {311--322},
title = {{The Optimizer's Curse: Skepticism and Postdecision Surprise in Decision Analysis}},
volume = {52},
year = {2006}
}

@article{Coulom2006,
author = {Coulom, R{\'{e}}mi},
pages = {72--83},
title = {{Efficient Selectivity and Backup Operators in Monte-Carlo Tree Search}},
year = {2006}
}

@article{Kocsis2006,
author = {Kocsis, Levente and Szepesv{\'{a}}ri, Csaba},
file = {:home/eleurent/T{\'{e}}l{\'{e}}chargements/uct.pdf:pdf},
pages = {282--293},
title = {{Bandit Based Monte-Carlo Planning}},
year = {2006}
}

@article{Iyengar2005,
author = {Iyengar, Garud N.},
journal = {Mathematics of Operations Research},
pages = {257--280},
title = {{Robust Dynamic Programming}},
volume = {30},
year = {2005}
}

@article{Nilim2005,
author = {Nilim, Arnab and {El Ghaoui}, Laurent},
journal = {Operations Research},
pages = {780--798},
title = {{Robust Control of Markov Decision Processes with Uncertain Transition Matrices}},
volume = {53},
year = {2005}
}

@article{Garcia2015,
author = {Garc{\'{i}}a, Javier and Fern{\'{a}}ndez, Fernando},
issn = {15337928},
journal = {Journal of Machine Learning Research},
pages = {1437--1480},
title = {{A Comprehensive Survey on Safe Reinforcement Learning}},
volume = {16},
year = {2015}
}

@article{Tamar2012,
arxivId = {1301.0104},
author = {Tamar, Aviv and {Di Castro}, Dotan and Mannor, Shie},
journal = {International Conference on Machine Learning},
pages = {935--942},
title = {{Policy Gradients with Variance Related Risk Criteria}},
year = {2012}
}

@article{Wiesemann2013,
author = {Wiesemann, Wolfram and Kuhn, Daniel and Rustem, Ber{\c{c}}},
journal = {{\ldots} of Operations Research},
mendeley-groups = {Robust Control},
pages = {1--52},
title = {{Robust Markov Decision Processes}},
year = {2013}
}

@book{Basar1996,
author = {Basar, T. and Bernhard, P.},
booktitle = {IEEE Transactions on Automatic Control},
pages = {411},
title = {{H infinity - Optimal Control and Related Minimax Design Problems: A Dynamic Game Approach}},
volume = {41},
year = {1996}
}

@article{Dagum1995,
author = {Dagum, P. and Galper, A. and Horvitz, E. and Seiver, A.},
journal = {International Journal of Forecasting},
pages = {73--87},
title = {{Uncertain reasoning and forecasting}},
volume = {11},
year = {1995}
}

@article{Petersen2014,
author = {Petersen, Ian R. and Tempo, Roberto},
journal = {Automatica},
number = {5},
pages = {1315--1335},
title = {{Robust control of uncertain systems: Classical results and recent developments}},
volume = {50},
year = {2014}
}

@article{Polack2017,
author = {Polack, Philip and Altch{\'{e}}, Florent and D'Andr{\'{e}}a-Novel, Brigitte},
pages = {6--8},
title = {{The Kinematic Bicycle Model : a Consistent Model for Planning Feasible Trajectories for Autonomous Vehicles ?}},
year = {2017}
}

@book{Li2018,
author = {Shihua Li and Xinghuo Yu and Leonid Fridman and Zhihong Man and Xiangyu Wang},
title = {Advances in Variable Structure Systems and Sliding Mode Control -- Theory and Applications (Studies in Systems, Decision and Control)},
publisher = {Springer},
year = {2017},
isbn = {},
}

@book{Khalil2015,
author = {Hassan K. Khalil},
title = {Nonlinear Control},
publisher = {Pearson},
year = {2014},
isbn = {013349926X},
}

@inproceedings{Hren2008,
  title = {{Optimistic planning of deterministic systems}},
  author = {Hren, Jean-Francois and Munos, R{\'e}mi},
  booktitle = {{European Workshop on Reinforcement Learning}},
  address = {France},
  pages = {151-164},
  year = {2008},
  pdf = {https://hal.archives-ouvertes.fr/hal-00830182/file/ewrl08.pdf},
  hal_id = {hal-00830182},
  hal_version = {v1},
}

@techreport{Bubeck2010,
author = {Bubeck, S{\'{e}}bastien and Munos, R{\'{e}}mi},
title = {{Open Loop Optimistic Planning}},
year = {2010}
}

@article{Deisenroth2011b,
author = {Deisenroth, Marc Peter},
journal = {Foundations and Trends in Robotics},
title = {{A Survey on Policy Search for Robotics}},
year = {2011}
}

@inproceedings{Trautman2010,
author = {Trautman, Peter and Krause, Andreas},
booktitle = {IEEE/RSJ 2010 International Conference on Intelligent Robots and Systems, IROS 2010 - Conference Proceedings},
title = {{Unfreezing the robot: Navigation in dense, interacting crowds}},
year = {2010}
}

@article{Atkeson1997,
author = {Atkeson, C.G. and Santamaria, J.C.},
journal = {Proceedings of International Conference on Robotics and Automation},
title = {{A comparison of direct and model-based reinforcement learning}},
year = {1997}
}

@incollection{Sutton1990,
author = {Sutton, Richard S.},
booktitle = {Machine Learning Proceedings 1990},
title = {{Integrated Architectures for Learning, Planning, and Reacting Based on Approximating Dynamic Programming}},
year = {1990}
}

@inproceedings{Paden2016,
arxivId = {1604.07446},
author = {Paden, Brian and Cap, Michal and Yong, Sze Zheng and Yershov, Dmitry and Frazzoli, Emilio},
doi = {10.1109/TIV.2016.2578706},
booktitle = {IEEE Transactions on Intelligent Vehicles},
title = {{A Survey of Motion Planning and Control Techniques for Self-driving Urban Vehicles}},
year = {2016}
}
